@article {teten03,
author = {TETEN, RYAN L.},
title = {Evolution of the Modern Rhetorical Presidency: Presidential Presentation and Development of the State of the Union Address},
journal = {Presidential Studies Quarterly},
volume = {33},
number = {2},
publisher = {Blackwell Publishing Ltd},
issn = {1741-5705},
url = {http://dx.doi.org/10.1111/j.1741-5705.2003.tb00033.x},
doi = {10.1111/j.1741-5705.2003.tb00033.x},
pages = {333--346},
keywords = {modern presidency, traditional presidency, state of the union address, Jeffrey Tulis, rhetorical presidency},
year = {2003},
}
