@article {teten03,
author = {Teten, Ryan L.},
title = {Evolution of the Modern Rhetorical Presidency: Presidential Presentation and Development of the State of the Union Address},
journal = {Presidential Studies Quarterly},
volume = {33},
number = {2},
publisher = {Blackwell Publishing Ltd},
issn = {1741-5705},
url = {http://dx.doi.org/10.1111/j.1741-5705.2003.tb00033.x},
doi = {10.1111/j.1741-5705.2003.tb00033.x},
pages = {333--346},
keywords = {modern presidency, traditional presidency, state of the union address, Jeffrey Tulis, rhetorical presidency},
year = {2003},
}

@article {slapin08,
author = {Slapin, Jonathan B. and Proksch, Sven-Oliver},
title = {A Scaling Model for Estimating Time-Series Party Positions from Texts},
journal = {American Journal of Political Science},
volume = {52},
number = {3},
publisher = {Blackwell Publishing Inc},
issn = {1540-5907},
url = {http://dx.doi.org/10.1111/j.1540-5907.2008.00338.x},
doi = {10.1111/j.1540-5907.2008.00338.x},
pages = {705--722},
year = {2008},
}

@article{sim13,
  title={Measuring ideological proportions in political speeches},
  author={Sim, Yanchuan and Acree, Brice DL and Gross, Justin H and Smith, Noah A},
  year={2013}
}
