@article {teten03,
author = {Teten, Ryan L.},
title = {Evolution of the Modern Rhetorical Presidency: Presidential Presentation and Development of the State of the Union Address},
journal = {Presidential Studies Quarterly},
volume = {33},
number = {2},
publisher = {Blackwell Publishing Ltd},
issn = {1741-5705},
url = {http://dx.doi.org/10.1111/j.1741-5705.2003.tb00033.x},
doi = {10.1111/j.1741-5705.2003.tb00033.x},
pages = {333--346},
keywords = {modern presidency, traditional presidency, state of the union address, Jeffrey Tulis, rhetorical presidency},
year = {2003},
}

@article {slapin08,
author = {Slapin, Jonathan B. and Proksch, Sven-Oliver},
title = {A Scaling Model for Estimating Time-Series Party Positions from Texts},
journal = {American Journal of Political Science},
volume = {52},
number = {3},
publisher = {Blackwell Publishing Inc},
issn = {1540-5907},
url = {http://dx.doi.org/10.1111/j.1540-5907.2008.00338.x},
doi = {10.1111/j.1540-5907.2008.00338.x},
pages = {705--722},
year = {2008},
}

@article{sim13,
  title={Measuring ideological proportions in political speeches},
  author={Sim, Yanchuan and Acree, Brice DL and Gross, Justin H and Smith, Noah A},
  year={2013}
}

@article{d3,
 author = {Bostock, Michael and Ogievetsky, Vadim and Heer, Jeffrey},
 title = {D3 Data-Driven Documents},
 journal = {IEEE Transactions on Visualization and Computer Graphics},
 issue_date = {December 2011},
 volume = {17},
 number = {12},
 month = dec,
 year = {2011},
 issn = {1077-2626},
 pages = {2301--2309},
 numpages = {9},
 url = {http://dx.doi.org/10.1109/TVCG.2011.185},
 doi = {10.1109/TVCG.2011.185},
 acmid = {2068631},
 publisher = {IEEE Educational Activities Department},
 address = {Piscataway, NJ, USA},
 keywords = {Information visualization, user interfaces, toolkits, 2D graphics.},
}

@article{stem,
 author = {Allan, James and Kumaran, Giridhar},
 title = {Stemming in the Language Modeling Framework},
 booktitle = {Proceedings of the 26th Annual International ACM SIGIR Conference on Research and Development in Informaion Retrieval},
 series = {SIGIR '03},
 year = {2003},
 isbn = {1-58113-646-3},
 location = {Toronto, Canada},
 pages = {455--456},
 numpages = {2},
 url = {http://doi.acm.org/10.1145/860435.860548},
 doi = {10.1145/860435.860548},
 acmid = {860548},
 publisher = {ACM},
 address = {New York, NY, USA},
 keywords = {language, modeling, stemming},
}

@article{nltk,
 author = {Bird, Steven and Loper, Edward},
 title = {NLTK: The Natural Language Toolkit},
 booktitle = {Proceedings of the ACL 2004 on Interactive Poster and Demonstration Sessions},
 series = {ACLdemo '04},
 year = {2004},
 location = {Barcelona, Spain},
 articleno = {31},
 url = {http://dx.doi.org/10.3115/1219044.1219075},
 doi = {10.3115/1219044.1219075},
 acmid = {1219075},
 publisher = {Association for Computational Linguistics},
 address = {Stroudsburg, PA, USA},
}

@article{validation,
 author = {Wong, Tzu-Tsung},
 title = {Performance Evaluation of Classification Algorithms by K-fold and Leave-one-out Cross Validation},
 journal = {Pattern Recogn.},
 issue_date = {September 2015},
 volume = {48},
 number = {9},
 month = sep,
 year = {2015},
 issn = {0031-3203},
 pages = {2839--2846},
 numpages = {8},
 url = {http://dx.doi.org/10.1016/j.patcog.2015.03.009},
 doi = {10.1016/j.patcog.2015.03.009},
 acmid = {2792206},
 publisher = {Elsevier Science Inc.},
 address = {New York, NY, USA},
 keywords = {Classification, Independence, Leave-one-out cross validation, Sampling distribution, k-Fold cross validation},
}

@article{lexicon,
  author    = {Somasundaran, Swapna  and  Wiebe, Janyce},
  title     = {Recognizing Stances in Ideological On-Line Debates},
  booktitle = {Proceedings of the NAACL HLT 2010 Workshop on Computational Approaches to Analysis and Generation of Emotion in Text},
  month     = {June},
  year      = {2010},
  address   = {Los Angeles, CA},
  publisher = {Association for Computational Linguistics},
  pages     = {116--124},
  url       = {http://www.aclweb.org/anthology/W10-0214},
}

@article{sentimentanalysis,
 author = {Taboada, Maite and Brooke, Julian and Tofiloski, Milan and Voll, Kimberly and Stede, Manfred},
 title = {Lexicon-based Methods for Sentiment Analysis},
 journal = {Comput. Linguist.},
 issue_date = {June 2011},
 volume = {37},
 number = {2},
 month = {June},
 year = {2011},
 issn = {0891-2017},
 pages = {267--307},
 numpages = {41},
 url = {http://dx.doi.org/10.1162/COLI\_a\_00049},
 doi = {10.1162/COLI\_a\_00049},
 acmid = {2000518},
 publisher = {MIT Press},
 address = {Cambridge, MA, USA},
}
