@article{stone1968iterative,
  title={Iterative solution of implicit approximations of multidimensional partial differential equations},
  author={Stone, HL.},
  journal={SIAM Journal on Numerical Analysis},
  volume={5},
  number={3},
  pages={530--558},
  year={1968},
  publisher={SIAM}
}